<?xml version="1.0" encoding="UTF-8"?><collection xmlns="http://www.loc.gov/MARC21/slim"><record><leader>00819nam--2200181-i-4500</leader><controlfield tag="001">000037683</controlfield><controlfield tag="002">20161230</controlfield><controlfield tag="005">20161230201041</controlfield><controlfield tag="008">060222s1000------------r-----000-0-eng-d</controlfield><datafield ind1=" " ind2=" " tag="040"><subfield code="a">IFIN-HH</subfield></datafield><datafield ind1=" " ind2=" " tag="080"><subfield code="a">537.222.22</subfield></datafield><datafield ind1="1" ind2=" " tag="100"><subfield code="a">Gatos, Harry C</subfield></datafield><datafield ind1="1" ind2="0" tag="245"><subfield code="a">Properties of elemental and compound semiconductors</subfield><subfield code="b">Proceedings of a technical conference sponsored by the semiconductors committee of the institute of metals division, the metallurgical society and boston section, american institute of mining, mettalurgical and petroleum engineers, bpstpn, massachusetts, AUGUST 31-SEPTEMBER2, 1959</subfield><subfield code="c">Harry c. gatos (ed.)</subfield></datafield><datafield ind1=" " ind2=" " tag="260"><subfield code="a">New York</subfield><subfield code="b">Interscience Publishers</subfield><subfield code="c">1960</subfield></datafield><datafield ind1=" " ind2=" " tag="300"><subfield code="a">XI + 340 P</subfield></datafield><datafield ind1=" " ind2=" " tag="490"><subfield code="a">Metallurgical Society Conferences</subfield><subfield code="v">Volume 5</subfield></datafield><datafield ind1=" " ind2=" " tag="852"><subfield code="a">15687</subfield><subfield code="c">537.311.33</subfield></datafield><datafield ind1=" " ind2=" " tag="CAT"><subfield code="a">Sys</subfield><subfield code="c">20110718</subfield><subfield code="h">154730</subfield></datafield></record></collection>